<record xmlns="http://www.loc.gov/MARC21/slim" xmlns:xsi="http://www.w3.org/2001/XMLSchema-instance" xsi:schemaLocation="http://www.loc.gov/MARC21/slim http://www.loc.gov/standards/marcxml/schema/MARC21slim.xsd">

  <leader>00386nam a2200133Ia 4500</leader>
  <datafield tag="999" ind2=" " ind1=" ">
    <subfield code="c">1332</subfield>
    <subfield code="d">1332</subfield>
  </datafield>
  <controlfield tag="008">170613bs       s  ||||| |||| 00| | e   d</controlfield>
  <datafield ind1=" " ind2=" " tag="090">
    <subfield code="a">05.01.02 </subfield>
    <subfield code="b">823</subfield>
  </datafield>
  <datafield ind1="1" tag="100" ind2=" ">
    <subfield code="a">Tuckman, Bruce W.</subfield>
    <subfield code="9">1883</subfield>
  </datafield>
  <datafield ind1="1" tag="245" ind2="0">
    <subfield code="a">Identifying and labeling variables</subfield>
  </datafield>
  <datafield ind2=" " tag="260" ind1=" ">
    <subfield code="a">[Lugar de publicación no identificado] : </subfield>
    <subfield code="c">s.f.</subfield>
  </datafield>
  <datafield tag="300" ind2=" " ind1=" ">
    <subfield code="a">18 páginas</subfield>
  </datafield>
  <datafield ind1="1" ind2="4" tag="650">
    <subfield code="a">INVESTIGACIÓN SOCIAL</subfield>
    <subfield code="9">290</subfield>
  </datafield>
  <datafield ind2=" " tag="942" ind1=" ">
    <subfield code="2">z</subfield>
    <subfield code="c">01</subfield>
  </datafield>
</record>